@MASTERSTHESIS{mrazekMasterThesis,
  author      = {Mrázek, Jan},
  title       = {RoFI – Distributed Metamorphic Robots},
  date        = {2019},
  institution = {Masarykova univerzita, Fakulta informatiky, Brno},
  SUPERVISOR  = "Jiří Barnat", 
  langid      = {english},
}

@MASTERSTHESIS{vozarovaMasterThesis,
  author      = {Vozárová, Viktória},
  title       = {Motion Planning for the RoFI Platform},
  date        = {2019},
  institution = {Masarykova univerzita, Fakulta informatiky, Brno},
  SUPERVISOR  = "Ivana Černá", 
  langid      = {english},
}
@MASTERSTHESIS{nausovaBachelorThesis, 
  AUTHOR     = "Naušová, Markéta", 
  TITLE      = "Vizualizace pro robotickou platformu RoFI", 
  YEAR       = "2019", 
  TYPE       = "Bakalářská práce", 
  SCHOOL     = "Masarykova univerzita, Fakulta informatiky, Brno", 
  SUPERVISOR = "Ivana Černá", 
  langid     = {czech},
}

@ONLINE{rofiGit,
  title     = {RoFI - Metamorphic Distributed Robots},
  date      = {2019},
  url       = {https://github.com/paradise-fi/RoFI},
  urldate   = {2019-05-01},
  location  = {Brno},
  langid    = {english}
}

@ONLINE{rofiCom,
  title     = {RoFICom Connector},
  date      = {2019},
  url       = {https://ro.fi.muni.cz/connector/},
  urldate   = {2019-04-13},
  location  = {Brno},
  langid    = {english}
}

@ONLINE{rofiWeb,
  title     = {RoFI Platform},
  date      = {2019},
  url       = {https://ro.fi.muni.cz/},
  urldate   = {2019-04-13},
  location  = {Brno},
  langid    = {english}
}

@ONLINE{openMPILibrary,
  title     = {Open MPI}, 
  date      = {2019-04-15}, 
  url       = {https://www.open-mpi.org/}, 
  urldate   = {2019-05-01}, 
  langid    = {english}
}

@ONLINE{openMPIGit,
  title     = {Open MPI main development repository}, 
  date      = {2019-05-01}, 
  url       = {https://github.com/open-mpi/ompi}, 
  urldate   = {2019-05-01}, 
  langid    = {english}
}